<?xml version="1.0" encoding="UTF-8"?><collection xmlns="http://www.loc.gov/MARC21/slim"><record><leader>00560nam--2200169-i-4500</leader><controlfield tag="001">000033612</controlfield><controlfield tag="002">20161230</controlfield><controlfield tag="005">20161230201039</controlfield><controlfield tag="008">060222s1000------------r-----000-0-eng-d</controlfield><datafield ind1=" " ind2=" " tag="040"><subfield code="a">IFIN-HH</subfield></datafield><datafield ind1=" " ind2=" " tag="080"><subfield code="a">537.63(061.3)</subfield></datafield><datafield ind1="1" ind2=" " tag="110"><subfield code="a">Laboratoire D'Electrotechnique Ensegp</subfield></datafield><datafield ind1="1" ind2="0" tag="245"><subfield code="a">Compumag</subfield><subfield code="b">Conference on teh computation of magnetic fields. communications proceedings grenoble, 4, 5, 6 september 1978</subfield></datafield><datafield ind1=" " ind2=" " tag="260"><subfield code="a">Grenoble</subfield><subfield code="b">Laboratoire D'Electrotechnique Ensegp</subfield><subfield code="c">1978</subfield></datafield><datafield ind1=" " ind2=" " tag="490"><subfield code="a">Proceedings</subfield></datafield><datafield ind1=" " ind2=" " tag="852"><subfield code="a">70251</subfield><subfield code="c">537:538</subfield></datafield><datafield ind1=" " ind2=" " tag="CAT"><subfield code="a">Sys</subfield><subfield code="c">20110627</subfield><subfield code="h">090343</subfield></datafield></record></collection>